% This file was created with JabRef 2.7b.
% Encoding: Cp1252

@BOOK{vanderVaart.1998,
  title = {Asymptotic {Statistics}},
  publisher = {Cambridge University Press},
  year = {1998},
  author = {{van der Vaart}, Aad W.},
  owner = {alumni},
  timestamp = {2010.04.30}
}

@BOOK{vanderVaartWellner.1996,
  title = {Weak {Convergence} and {Empirical} {Processes}},
  publisher = {Springer},
  year = {1996},
  author = {{van der Vaart}, Aad W. and Wellner, Jon A.},
  address = {New York},
  owner = {alumni},
  timestamp = {2010.04.30}
}

@ARTICLE{AbadieAngristImbens.2002,
  author = {Alberto Abadie and Joshua Angrist and Guido Imbens},
  title = {Instrumental variables estimates of the effect of subsidized training
	on the quantiles of trainee earnings},
  journal = {Econometrica},
  year = {2002},
  volume = {70},
  pages = {91-117},
  owner = {Laurence},
  timestamp = {2010.03.02}
}

@ARTICLE{AbadieDiamondHainmueller.2010,
  author = {Alberto Abadie and Alexis Diamond and Jens Hainmueller},
  title = {Synthetic control methods for comparative case studies: estimating
	the effect of California's tobacco control program},
  journal = {Journal of American Statistical Association},
  year = {2010},
  volume = {105},
  pages = {493-505},
  owner = {Laurence},
  timestamp = {2010.01.02}
}

@ARTICLE{AbadieGardeazabal.2003,
  author = {Alberto Abadie and Javier Gardeazabal},
  title = {The economic costs of conflict: a case study of the Basque country},
  journal = {American Economic Review},
  year = {2003},
  volume = {93},
  pages = {113-132},
  owner = {Laurence},
  timestamp = {2010.01.02}
}

@ARTICLE{AbadieImbens.2006,
  author = {Alberto Abadie and Guido Imbens},
  title = {Large Sample Properties of Matching Estimators for Average Treatment
	Effects},
  journal = {Econometrica},
  year = {2006},
  volume = {74},
  pages = {235-267},
  owner = {laurence},
  timestamp = {2014.10.05}
}

@ARTICLE{Allcott.2011,
  author = {Hunt Allcott},
  title = {Social {Norms} and {Energy} {Conservation}},
  journal = {Journal of Public Economics},
  year = {2011},
  volume = {95},
  pages = {1082-1095},
  owner = {laurencium},
  timestamp = {2013.10.18}
}

@BOOK{Amemiya.1985,
  title = {Advanced econometrics},
  publisher = {Harvard University Press},
  year = {1985},
  author = {Takeshi Amemiya},
  address = {Cambridge, MA},
  owner = {Laurence},
  timestamp = {2010.01.01}
}

@ARTICLE{Andrews.1991,
  author = {Donald W. K. Andrews},
  title = {Heteroskedasticity and autocorrelation consistent covariance matrix
	estimation},
  journal = {Econometrica},
  year = {1991},
  volume = {59},
  pages = {817-858},
  owner = {Laurence},
  timestamp = {2010.08.26}
}

@ARTICLE{AngristChernozhukovFernandezVal.2006,
  author = {Joshua Angrist and Victor Chernozhukov and Ivan Fernandez-Val},
  title = {Quantile regression under misspecification, with an application to
	the U.S. wage structure},
  journal = {Econometrica},
  year = {2006},
  volume = {74},
  pages = {539-563},
  owner = {Laurence},
  timestamp = {2010.01.02}
}

@ARTICLE{Angrist.1990,
  author = {Joshua D. Angrist},
  title = {Lifetime {Earnings} and the {Vietnam} {Era} {Draft} {Lottery}: {Evidence}
	from {Social} {Security} {Administrative} {Records}},
  journal = {American Economic Review},
  year = {1990},
  volume = {80},
  pages = {313-336},
  owner = {Laurence},
  timestamp = {2010.07.14}
}

@ARTICLE{AngristImbensRubin.1996,
  author = {Joshua D. Angrist and Guido W. Imbens and Donald B. Rubin},
  title = {Identification of {Causal} {Effects} {Using} {Instrumental} {Variables}},
  journal = {Journal of the American Statistical Association},
  year = {1996},
  volume = {91},
  pages = {444-455},
  owner = {Laurence},
  timestamp = {2010.02.11}
}

@BOOK{AngristPischke.2009,
  title = {Mostly harmless econometrics: an empiricist's companion},
  publisher = {Princeton University Press},
  year = {2009},
  author = {Joshua D. Angrist and Jorn-Stefeen Pischke},
  owner = {Laurence},
  timestamp = {2010.01.03}
}

@ARTICLE{Arellano.1987,
  author = {Manuel Arellano},
  title = {Computing robust standard errors for within-in groups estimators},
  journal = {Oxford Bulletin of Economics and Statistics},
  year = {1987},
  volume = {49},
  pages = {431-434},
  owner = {Laurence},
  timestamp = {2010.01.08}
}

@ARTICLE{AtheyImbens.2006,
  author = {Susan Athey and Guido W. Imbens},
  title = {Identification and inference in nonlinear difference-in-differences
	models},
  journal = {Econometrica},
  year = {2006},
  volume = {74},
  pages = {431-497},
  owner = {Laurence},
  timestamp = {2010.08.12}
}

@ARTICLE{Bai.2009,
  author = {Jushan Bai},
  title = {Panel data models with interactive fixed effects},
  journal = {Econometrica},
  year = {2009},
  volume = {77},
  pages = {1229-1279},
  owner = {Laurence},
  timestamp = {2010.01.07}
}

@ARTICLE{Beran.1995,
  author = {Rudolf Beran},
  title = {Stein confidence sets and the bootstrap},
  journal = {Statistica Sinica},
  year = {1995},
  volume = {5},
  pages = {109-127},
  owner = {Laurence},
  timestamp = {2011.03.16}
}

@ARTICLE{Berry.1994,
  author = {Steven T. Berry},
  title = {Estimating discrete-choice models of product differentiation},
  journal = {RAND Journal of Economics},
  year = {1994},
  volume = {25},
  pages = {242-262},
  owner = {Laurence},
  timestamp = {2010.01.01}
}

@ARTICLE{BerryLevinsohnPakes.1995,
  author = {Steven T. Berry and James Levinsohn and Ariel Pakes},
  title = {Automobile prices in market equilibrium},
  journal = {Econometrica},
  year = {1995},
  volume = {63},
  pages = {841-890},
  owner = {Laurence},
  timestamp = {2010.01.01}
}

@ARTICLE{BertrandDufloMullainathan.2004,
  author = {Marianne Bertrand and Esther Duflo and Sendhil Mullainathan},
  title = {How much should we trust differences-in-differences estimates?},
  journal = {Quarterly Journal of Economics},
  year = {2004},
  volume = {119},
  pages = {249-275},
  owner = {Laurence},
  timestamp = {2010.02.11}
}

@ARTICLE{BickelRitovTsybakov.2009,
  author = {Peter J. Bickel and Ya'acov Ritov and Alexandre B. Tsybakov},
  title = {Simultaneous analysis of lasso and Dantzig selector},
  journal = {Annals of Statistics},
  year = {2009},
  volume = {37},
  pages = {1705-1732},
  owner = {Laurence},
  timestamp = {2011.03.16}
}

@BOOK{Billingsley.1995,
  title = {Probability and measure},
  publisher = {Wiley},
  year = {1995},
  author = {Patrick Billingsley},
  address = {New York},
  edition = {3rd},
  owner = {alumni},
  timestamp = {2010.04.30}
}

@ARTICLE{BitlerGelbachHoynes.2006,
  author = {Marianne P. Bitler and Jonah B. Gelbach and Hilary W. Hoynes},
  title = {What mean impacts miss: distributional effects of welfare reform
	experiments},
  journal = {American Economic Review},
  year = {2006},
  volume = {96},
  pages = {988-1012},
  owner = {Laurence},
  timestamp = {2010.03.06}
}

@BOOK{BoydVandenberghe.2004,
  title = {Convex {Optimization}},
  publisher = {Cambridge University Press},
  year = {2004},
  author = {Stephen Boyd and Lieven Vandenberghe},
  owner = {laurencium},
  timestamp = {2013.11.14}
}

@BOOK{CameronTrivedi.2005,
  title = {Microeconometrics: methods and applications},
  publisher = {Cambridge University Press},
  year = {2005},
  author = {A. Colin Cameron and Pravin K. Trivedi},
  owner = {Laurence},
  timestamp = {2010.01.01}
}

@BOOK{CampbellLoMacKinlay.1997,
  title = {The econometrics of financial markets},
  publisher = {Princeton University Press},
  year = {1997},
  author = {John Y. Campbell and Andrew W. Lo and A. Craig MacKinlay},
  owner = {Laurence},
  timestamp = {2010.01.05}
}

@ARTICLE{CandesTao.2007,
  author = {Emmanuel Candes and Terence Tao},
  title = {The Dantzig selector: statisical estimation when $p$ is much larger
	than $n$},
  journal = {Annals of Statistics},
  year = {2007},
  volume = {35},
  pages = {2313-2351},
  owner = {Laurence},
  timestamp = {2011.03.16}
}

@BOOK{CapinskiKopp.2004,
  title = {Measure, integral and probability},
  publisher = {Springer},
  year = {2004},
  author = {Capi\'{n}ski, Marek and Kopp, Ekkehard},
  address = {London},
  edition = {2nd},
  owner = {alumni},
  timestamp = {2010.04.30}
}

@ARTICLE{CardHyslop.2005,
  author = {David Card and Dean R. Hyslop},
  title = {Estimating the {Effects} of a {Time-limited} {Earnings} {Subsidy}
	for {Welfare-leavers}},
  journal = {Econometrica},
  year = {2005},
  volume = {73},
  pages = {1723-1770},
  owner = {laurencium},
  timestamp = {2013.10.18}
}

@ARTICLE{CardKrueger.1994,
  author = {David Card and Alan B. Krueger},
  title = {Minimum Wages and Employment: A Case Study of the Fast-Food Industry
	in New Jersey and Pennsylvania},
  journal = {American Economic Review},
  year = {1994},
  volume = {84},
  pages = {772-793},
  owner = {laurence},
  timestamp = {2014.10.25}
}

@ARTICLE{CardMcCall.1996,
  author = {David Card and Brain P. McCall},
  title = {Is {Workers'} {Compensation} {Covering} {Uninsured} {Medical} {Costs}?
	Evidence from the {`Monday Effect'}},
  journal = {Industrial and Labor Relations Review},
  year = {1996},
  volume = {49},
  pages = {690-706},
  owner = {laurencium},
  timestamp = {2013.10.18}
}

@ARTICLE{ChernozhukovHansen.2008,
  author = {Victor Chernozhukov and Christian Hansen},
  title = {Instrumental variable quantile regressoin: a robust inference approach},
  journal = {Journal of Econometrics},
  year = {2008},
  volume = {142},
  pages = {379-398},
  owner = {Laurence},
  timestamp = {2010.01.01}
}

@ARTICLE{ChernozhukovHansen.2006,
  author = {Victor Chernozhukov and Christian Hansen},
  title = {Instrumental quantile regression inference for structural and treatment
	effect models},
  journal = {Journal of Econometrics},
  year = {2006},
  volume = {132},
  pages = {491-525},
  owner = {Laurence},
  timestamp = {2010.01.15}
}

@ARTICLE{ChernozhukovHansen.2005,
  author = {Victor Chernozhukov and Christian Hansen},
  title = {An IV model of quantile treatment effects},
  journal = {Econometrica},
  year = {2005},
  volume = {73},
  pages = {245-261},
  owner = {Laurence},
  timestamp = {2010.01.01}
}

@ARTICLE{ChernozhukovHansen.2004,
  author = {Victor Chernozhukov and Christian Hansen},
  title = {The effects of 401(k) participation on the wealth distribution: an
	instrumental quantile regression analysis},
  journal = {Review of Economics and Statistics},
  year = {2004},
  volume = {86},
  pages = {735-751},
  owner = {Laurence},
  timestamp = {2010.03.06}
}

@BOOK{CLRS.2009,
  title = {Introduction to Algorithms},
  publisher = {MIT Press},
  year = {2009},
  author = {Thomas H. Cormen and Charles E. Leiserson and Ronald L. Rivest and
	Clifford Stein},
  owner = {laurence},
  timestamp = {2014.10.19}
}

@ARTICLE{CrumpHotzImbensMitnik.2009,
  author = {Crump, R. and Hotz, V. J. and Imbens, G. and Mitnik, O.},
  title = {Dealing with Limited Overlap in Estimation of Average Treatment Effects},
  journal = {Biometrika},
  year = {2009},
  volume = {96},
  pages = {187-199},
  owner = {laurence},
  timestamp = {2015.08.30}
}

@BOOK{Csorgo.1983,
  title = {Quantile processes with statistical applications},
  publisher = {SIAM},
  year = {1983},
  author = {Mikl\'{o}s Cs\"{o}rg\H{o}},
  series = {CBMS-NSF Regional Conference Series in Applied Mathematics 42},
  address = {Philadelphia},
  owner = {laurence},
  timestamp = {2012.10.29}
}

@BOOK{Davidson.1994,
  title = {Stochastic limit theory},
  publisher = {Oxford University Press},
  year = {1994},
  author = {James Davidson},
  owner = {alumni},
  timestamp = {2010.04.30}
}

@BOOK{DavidsonMacKinnon.2004,
  title = {Econometric theory and methods},
  publisher = {Oxford University Press},
  year = {2004},
  author = {Davidson, Russell and MacKinnon, James Gordon}
}

@BOOK{DavidsonMacKinnon.1993,
  title = {Estimation and inference in econometrics},
  publisher = {Oxford University Press},
  year = {1993},
  author = {Davidson, Russell and MacKinnon, James Gordon}
}

@ARTICLE{DehejiaWahba.2002,
  author = {Rajeev H. Dehejia and Sadek Wahba},
  title = {Propensity score-matching methods for nonexperimental causal studies},
  journal = {Review of Economics and Statistics},
  year = {2002},
  volume = {84},
  pages = {151-161},
  owner = {Laurence},
  timestamp = {2010.01.02}
}

@ARTICLE{DehejiaWahba.1999,
  author = {Rajeev H. Dehejia and Sadek Wahba},
  title = {Causal {Effects} in {Nonexperimental} {Studies}: {Reevaluating} the
	{Evaluation} of {Training} {Programs}},
  journal = {Journal of the American Statistical Association},
  year = {1999},
  volume = {94},
  pages = {1053-1062},
  owner = {Laurence},
  timestamp = {2010.01.02}
}

@ARTICLE{DonaldHsu.2011,
  author = {Stephen G. Donald and Yu-Chin Hsu},
  title = {Estimation and {Inference} for {Distribution} {Functions} and {Quantile}
	{Functions} in {Treatment} {Effect} {Models}},
  journal = {Unpublished manuscript},
  year = {2011},
  owner = {laurencium},
  timestamp = {2013.10.20}
}

@ARTICLE{DonaldLang.2007,
  author = {Stephen G. Donald and Kevin Lang},
  title = {Inference with difference-in-differences and other panel data},
  journal = {Review of Economics and Statistics},
  year = {2007},
  volume = {89},
  pages = {221-233},
  owner = {Laurence},
  timestamp = {2010.01.19}
}

@ARTICLE{DonohoJohnstoneKerykyacharianPicard.1995,
  author = {David L. Donoho and Iain M. Johnstone and Gerard Kerkyacharian and
	Dominique Picard},
  title = {Wavelet shrinkage: asymptopia?},
  journal = {Journal of the Royal Statistical Society, Series B},
  year = {1995},
  volume = {57},
  pages = {301-369},
  owner = {Laurence},
  timestamp = {2011.03.16}
}

@ARTICLE{Efron.1979,
  author = {Efron, Bradley},
  title = {Bootstrapping methods: Another look at the jackknife},
  journal = {Annals of Statistics},
  year = {1979},
  volume = {7},
  pages = {1--26}
}

@ARTICLE{EfronHastieJohnstoneTibshirani.2004,
  author = {Bradley Efron and Trevor Hastie and Iain M. Johnstone and Robert
	Tibshirani},
  title = {Least angle regression},
  journal = {Annals of Statistics},
  year = {2004},
  volume = {32},
  pages = {407-499},
  owner = {Laurence},
  timestamp = {2011.03.16}
}

@ARTICLE{EngleGranger.1987,
  author = {Robert F. Engle and Clive W. J. Granger},
  title = {Co-integration and error correction: respresentation, estimation
	and testing},
  journal = {Econometrica},
  year = {1987},
  volume = {55},
  pages = {251-276},
  owner = {Laurence},
  timestamp = {2011.06.09}
}

@ARTICLE{FanPark.2009,
  author = {Yanqin Fan and Sang Soo Park},
  title = {Sharp {Bounds} on the {Distribution} of {Treatment} {Effects} and
	{Their} {Statistical} {Inference}},
  journal = {Econometric Theory},
  year = {2009},
  volume = {26},
  pages = {1-21},
  owner = {Laurence},
  timestamp = {2010.02.20}
}

@ARTICLE{Firpo.2007,
  author = {Sergio Firpo},
  title = {Efficient {Semiparametric} {Estimation} of {Quantile} {Treatment}
	{Effects}},
  journal = {Econometrica},
  year = {2007},
  volume = {75},
  pages = {259-276},
  owner = {Laurence},
  timestamp = {2010.01.01}
}

@ARTICLE{FirpoRidder.2008,
  author = {Firpo, Sergio and Ridder, Geert},
  title = {Bounds on {Functionals} of the {Distribution} of {Treatment} {Effects}},
  journal = {IEPR Working Paper},
  year = {2008},
  owner = {laurencium},
  timestamp = {2013.11.14}
}

@ARTICLE{FrischWaugh.1933,
  author = {Frisch, Ragnar and Waugh, Frederick V.},
  title = {Partial time regressions as compared with individual trends},
  journal = {Econometrica},
  year = {1933},
  volume = {1},
  pages = {387-401}
}

@ARTICLE{GautierSiegmannVanVuuren.2009,
  author = {Pieter A. Gautier and Arjen Siegmann and Aico {Van Vuuren}},
  title = {Terrorism and attitudes towards minorities: the effect of the Theo
	van Gogh murder on house prices in Amsterdam},
  journal = {Journal of Urban Economics},
  year = {2009},
  volume = {65},
  pages = {113-126},
  owner = {Laurence},
  timestamp = {2011.02.20}
}

@BOOK{Goldberger.1991,
  title = {A course in econometrics},
  publisher = {Harvard University Press},
  year = {1991},
  author = {Arthur S. Goldberger},
  address = {Cambridge, MA},
  owner = {Laurence},
  timestamp = {2010.01.01}
}

@BOOK{Greene.2002,
  title = {Econometric analysis},
  publisher = {Prentice-Hall},
  year = {2002},
  author = {Greene, William H.},
  address = {New York},
  edition = {5th}
}

@ARTICLE{Hahn.1998,
  author = {Jinyong Hahn},
  title = {On the role of the propensity score in efficient semiparametric estimation
	of average treatment effects},
  journal = {Econometrica},
  year = {1998},
  volume = {66},
  pages = {315-331},
  owner = {Laurence},
  timestamp = {2010.01.02}
}

@ARTICLE{HahnToddvanderKlaauw.2001,
  author = {Hahn, Jinyong and Todd, Petra and {van der Klaauw}, Wilbert},
  title = {Identification and {Estimation} of {Treatment} {Effects} with a {Regression-Discontinuity}
	{Design}},
  journal = {Econometrica},
  year = {2001},
  volume = {69},
  pages = {201-209},
  owner = {Laurence},
  timestamp = {2010.02.02}
}

@BOOK{Hamilton.1994,
  title = {Time series analysis},
  publisher = {Princeton University Press},
  year = {1994},
  author = {Hamilton, James D.},
  address = {Princeton}
}

@ARTICLE{HanHausman.1990,
  author = {Aaron Han and Jerry A. Hausman},
  title = {Flexible parametric estimation of duration and competing risk models},
  journal = {Journal of Applied Econometrics},
  year = {1990},
  volume = {5},
  pages = {1-28},
  owner = {Laurence},
  timestamp = {2010.02.20}
}

@ARTICLE{Hansen.1982,
  author = {Hansen, Lars Peter},
  title = {Large sample properties of generalized method of moments estimators},
  journal = {Econometrica},
  year = {1982},
  volume = {50},
  pages = {1029--1054}
}

@BOOK{HastieTibshiraniFriedman.2009,
  title = {The Elements of Statistical Learning},
  publisher = {Springer},
  year = {2009},
  author = {Hastie, Trevor and Tibshirani, Robert and Friedman, Jerome},
  owner = {laurence},
  timestamp = {2014.10.05}
}

@ARTICLE{Hausman.1985,
  author = {Jerry A. Hausman},
  title = {The econometrics of nonlinear budget sets},
  journal = {Econometrica},
  year = {1985},
  volume = {53},
  pages = {1255-1282},
  owner = {Laurence},
  timestamp = {2010.01.01}
}

@ARTICLE{HausmanTaylor.1981,
  author = {Jerry A. Hausman and William E. Taylor},
  title = {Panel data and unobservable individual effects},
  journal = {Econometrica},
  year = {1981},
  volume = {49},
  pages = {1377-1398},
  owner = {Laurence},
  timestamp = {2010.01.01}
}

@ARTICLE{HausmanWise.1978,
  author = {Jerry A. Hausman and David A. Wise},
  title = {A conditional probit model for qualitative choice: discrete decisions
	recognizing interdependence and heterogeneous preferences},
  journal = {Econometrica},
  year = {1978},
  volume = {46},
  pages = {403-426},
  owner = {Laurence},
  timestamp = {2010.02.18}
}

@BOOK{Hayashi.2000,
  title = {Econometrics},
  publisher = {Princeton University Press},
  year = {2000},
  author = {Hayashi, Fumio},
  address = {Princeton}
}

@ARTICLE{Heckman.1979,
  author = {James J. Heckman},
  title = {Sample selection bias as a specification error},
  journal = {Econometrica},
  year = {1979},
  volume = {47},
  pages = {153-161},
  owner = {Laurence},
  timestamp = {2010.01.01}
}

@ARTICLE{Hinrichs.2011,
  author = {Peter Hinrichs},
  title = {The effects of affirmative action bans on college enrollment, educational
	attainment, and the demographic composition of universities},
  journal = {Review of Economics and Statistics},
  year = {2011},
  volume = {forthcoming},
  owner = {Laurence},
  timestamp = {2011.02.20}
}

@ARTICLE{HiranoImbens.2001,
  author = {Keisuke Hirano and Guido W. Imbens},
  title = {Estimation of causal effects using propensity score weighting: an
	application to data on right heart catheterization},
  journal = {Health Services and Outcomes Research Methodology},
  year = {2001},
  volume = {2},
  pages = {259-278},
  owner = {Laurence},
  timestamp = {2010.07.23}
}

@ARTICLE{HiranoImbensRidder.2003,
  author = {Keisuke Hirano and Guido W. Imbens and Geert Ridder},
  title = {Efficient {Estimation} of {Average} {Treatment} {Effects} {Using}
	the {Estimated} {Propensity} {Score}},
  journal = {Econometrica},
  year = {2003},
  volume = {71},
  pages = {1161-1189},
  owner = {Laurence},
  timestamp = {2010.01.02}
}

@ARTICLE{HoerlKennard.1970,
  author = {Arthur E. Hoerl and Robert W. Kennard},
  title = {Ridge regression: biased estimation for nonorthogonal problems},
  journal = {Technometrics},
  year = {1970},
  volume = {12},
  pages = {55-67},
  owner = {Laurence},
  timestamp = {2011.05.10}
}

@ARTICLE{Holland.1986,
  author = {Paul W. Holland},
  title = {Statistics and {Causal} {Inference}},
  journal = {Journal of American Statistical Association},
  year = {1986},
  volume = {81},
  pages = {945-960},
  owner = {laurence},
  timestamp = {2013.09.19}
}

@ARTICLE{Horowitz.1999,
  author = {Joel L. Horowitz},
  title = {Semiparametric estimation of a proportional hazard model with unobserved
	heterogeneity},
  journal = {Econometrica},
  year = {1999},
  volume = {67},
  pages = {1001-1028},
  owner = {Laurence},
  timestamp = {2010.09.22}
}

@ARTICLE{Horowitz.1992,
  author = {Joel L. Horowitz},
  title = {A smoothed maximum score estimator for the binary response model},
  journal = {Econometrica},
  year = {1992},
  volume = {60},
  pages = {505-531},
  owner = {Laurence},
  timestamp = {2010.09.22}
}

@ARTICLE{HotzImbensMortimer.2005,
  author = {V. Joseph Hotz and Guido W. Imbens and Julie H. Mortimer},
  title = {Predicting the {Efficacy} of {Future} {Training} {Programs} {Using}
	{Past} {Experiences} at {Other} {Locations}},
  journal = {Journal of Econometrics},
  year = {2005},
  volume = {125},
  pages = {241-270},
  owner = {laurencium},
  timestamp = {2013.10.18}
}

@ARTICLE{HuangLiuPourahmadiLiu.2006,
  author = {Jianhua Z. Huang and Naiping Liu and Mohsen Pourahmadi and Linxu
	Liu},
  title = {Covariance matrix selection and estimation via penalised normal likelihood},
  journal = {Biometrika},
  year = {2006},
  volume = {93},
  pages = {85-98},
  owner = {Laurence},
  timestamp = {2011.03.16}
}

@ARTICLE{Ichimura.1993,
  author = {Hidehiko Ichimura},
  title = {Semiparametric least squares (SLS) and weighted SLS estimation of
	single-index models},
  journal = {Journal of Econometrics},
  year = {1993},
  volume = {58},
  pages = {71-120},
  owner = {Laurence},
  timestamp = {2010.01.01}
}

@ARTICLE{Imbens.2004,
  author = {Guido W. Imbens},
  title = {Nonparametric estimation of average treatment effects under exogeneity:
	a review},
  journal = {Review of Economics and Statistics},
  year = {2004},
  volume = {86},
  pages = {4-29},
  owner = {Laurence},
  timestamp = {2010.07.23}
}

@ARTICLE{ImbensAngrist.1994,
  author = {Guido W. Imbens and Joshua D. Angrist},
  title = {Identification and {Estimation} of {Local} {Average} {Treatment}
	{Effects}},
  journal = {Econometrica},
  year = {1994},
  volume = {62},
  pages = {467-475},
  owner = {Laurence},
  timestamp = {2010.01.01}
}

@ARTICLE{ImbensLancaster.1996,
  author = {Guido W. Imbens and Tony Lancaster},
  title = {Efficient estimation and stratified sampling},
  journal = {Journal of Econometrics},
  year = {1996},
  volume = {74},
  pages = {289-318},
  owner = {Laurence},
  timestamp = {2010.02.08}
}

@ARTICLE{ImbensLemieux.2008,
  author = {Guido W. Imbens and Thomas Lemieux},
  title = {Regression discontinuity designs: a guide to practice},
  journal = {Journal of Econometrics},
  year = {2008},
  volume = {142},
  pages = {615-635},
  owner = {Laurence},
  timestamp = {2010.01.15}
}

@ARTICLE{ImbensManski.2004,
  author = {Guido W. Imbens and Charles F. Manski},
  title = {Confidence {Intervals} for {Partially} {Identified} {Parameters}},
  journal = {Econometrica},
  year = {2004},
  volume = {72},
  pages = {1845-1857},
  owner = {laurencium},
  timestamp = {2013.10.08}
}

@BOOK{ImbensRubin.2015,
  title = {Causal Inference in Statistics, Social, and Biomedical Sciences:
	An Introduction},
  publisher = {Cambridge University Press},
  year = {2015},
  author = {Guido W. Imbens and Donald B. Rubin},
  owner = {laurence},
  timestamp = {2014.10.26}
}

@ARTICLE{ImbensWooldridge.2009,
  author = {Guido W. Imbens and Jeffrey M. Wooldridge},
  title = {Recent developments in the econometrics of program evaluation},
  journal = {Journal of Economic Literature},
  year = {2009},
  volume = {47},
  pages = {5-86},
  owner = {Laurence},
  timestamp = {2010.01.15}
}

@ARTICLE{Keele.2009,
  author = {Luke Keele},
  title = {An observational study of ballot initiatives and state outcomes},
  journal = {Working paper},
  year = {2009},
  owner = {Laurence},
  timestamp = {2011.02.20}
}

@BOOK{Kennedy.2003,
  title = {A guide to econometrics},
  publisher = {MIT Press},
  year = {2003},
  author = {Kennedy, Peter E.},
  address = {Cambridge},
  edition = {5th}
}

@ARTICLE{KitamuraStutzer.1997,
  author = {Yuichi Kitamura and Michael Stutzer},
  title = {An information-theoretic alternative to generalized method of moments
	estimation},
  journal = {Econometrica},
  year = {1997},
  volume = {65},
  pages = {861-874},
  owner = {Laurence},
  timestamp = {2010.01.01}
}

@BOOK{Koenker.2005,
  title = {Quantile {Regression}},
  publisher = {Cambridge University Press},
  year = {2005},
  author = {Roger Koenker},
  owner = {Laurence},
  timestamp = {2010.01.01}
}

@ARTICLE{KoenkerBassett.1978,
  author = {Roger Koenker and Gilbert Bassett},
  title = {Regression quantiles},
  journal = {Econometrica},
  year = {1978},
  volume = {46},
  pages = {33-50},
  owner = {Laurence},
  timestamp = {2010.01.01}
}

@ARTICLE{LaLonde.1986,
  author = {Robert J. {LaLonde}},
  title = {Evaluating the Econometric Evaluations of Training Programs with
	Experimental Data},
  journal = {American Economic Review},
  year = {1986},
  volume = {76},
  pages = {604-620},
  owner = {laurencium},
  timestamp = {2013.11.14}
}

@BOOK{Lancaster.1990,
  title = {The econometrics analysis of transition data},
  publisher = {Cambridge University Press},
  year = {1990},
  author = {Tony Lancaster},
  owner = {Laurence},
  timestamp = {2010.02.18}
}

@ARTICLE{Lancaster.1979,
  author = {Tony Lancaster},
  title = {Econometric methods for the duration of unemployment},
  journal = {Econometrica},
  year = {1979},
  volume = {47},
  pages = {939-956},
  owner = {Laurence},
  timestamp = {2010.02.22}
}

@ARTICLE{Lechner.2002,
  author = {Michael Lechner},
  title = {Program {Heterogeneity} and {Propensity} {Score} {Matching}: {An}
	{Application} to the {Evaluation} of {Active} {Labor} {Market} {Policies}},
  journal = {Review of Economics and Statistics},
  year = {2002},
  volume = {84},
  pages = {205-220},
  owner = {laurencium},
  timestamp = {2013.10.18}
}

@ARTICLE{LedoitWolf.2004,
  author = {Olivier Ledoit and Michael Wolf},
  title = {A well-conditioned estimator for large-dimensional covariance matrices},
  journal = {Journal of Multivariate Analysis},
  year = {2004},
  volume = {88},
  pages = {365-411},
  owner = {Laurence},
  timestamp = {2011.03.16}
}

@BOOK{LehmannRomano.2005,
  title = {Testing statistical hypothesis},
  publisher = {Springer},
  year = {2005},
  author = {E. L. Lehmann and Joseph P. Romano},
  address = {New York},
  edition = {3rd},
  owner = {alumni},
  timestamp = {2010.04.30}
}

@ARTICLE{Lovell.1963,
  author = {Lovell, Michael C.},
  title = {Seasonal adjustment of economic time series},
  journal = {Journal of the American Statistical Association},
  year = {1963},
  volume = {58},
  pages = {993--1010}
}

@ARTICLE{MacKinnonWhite.1985,
  author = {MacKinnon, James Gordon and White, Halbert},
  title = {Some heteroskedasticity consistent covariance matrix estimators with
	improved finite sample properties},
  journal = {Journal of Econometrics},
  year = {1985},
  volume = {29},
  pages = {305-325}
}

@ARTICLE{Makarov.1981,
  author = {Makarov, G. D.},
  title = {Estimates for the {Distribution} {Function} of a {Sum} of {Two} {Random}
	{Variables} when the {Marginal} {Distributions} are {Fixed}},
  journal = {Theory of Probability and its Applications},
  year = {1981},
  volume = {26},
  pages = {803-806},
  owner = {laurencium},
  timestamp = {2013.11.14}
}

@BOOK{Manski.2007,
  title = {{Identification for Prediction and Decision}},
  publisher = {Harvard University Press},
  year = {2007},
  author = {Charles F. Manski},
  address = {MA},
  owner = {laurencium},
  timestamp = {2013.11.15}
}

@BOOK{Manski.2003,
  title = {Partial {Identification} of {Probability} {Distributions}},
  publisher = {Springer-Verlag},
  year = {2003},
  author = {Charles F. Manski},
  address = {New York},
  owner = {laurencium},
  timestamp = {2013.11.15}
}

@ARTICLE{Manski.1985,
  author = {Charles F. Manski},
  title = {Semiparametric analysis of discrete response: asymptotic properties
	of the maximum score estimator},
  journal = {Journal of Econometrics},
  year = {1985},
  volume = {27},
  pages = {313-333},
  owner = {Laurence},
  timestamp = {2010.01.01}
}

@ARTICLE{Manski.1975,
  author = {Charles F. Manski},
  title = {Maximum score estimation of the stochastic utility model of choice},
  journal = {Journal of Econometrics},
  year = {1975},
  volume = {3},
  pages = {205-228},
  owner = {Laurence},
  timestamp = {2010.01.01}
}

@BOOK{MardiaKentBibby.1979,
  title = {Multivariate Analysis},
  publisher = {Academic Press},
  year = {1979},
  author = {Mardia, K. T. and Kent, J. T. and Bibby, J. M.},
  address = {London},
  owner = {alumni},
  timestamp = {2010.04.30}
}

@ARTICLE{McFadden.1989,
  author = {Daniel McFadden},
  title = {A method of simulated moments for estimation of discrete response
	models without numerical integration},
  journal = {Econometrica},
  year = {1989},
  volume = {57},
  pages = {995-1026},
  owner = {Laurence},
  timestamp = {2010.01.01}
}

@ARTICLE{McKeeRivkinSims.2010,
  author = {Graham J. McKee and Steven G. Rivkin and Katherine R. E. Sims},
  title = {Disruption, {Achievement} and the {Heterogeneous} {Benefits} of {Smaller}
	{Classes}},
  journal = {NBER Working Paper No. 15812},
  year = {2010},
  owner = {laurencium},
  timestamp = {2013.10.18}
}

@ARTICLE{Meyer.1990,
  author = {Bruce D. Meyer},
  title = {Unemployment insurance and unemployment spells},
  journal = {Econometrica},
  year = {1990},
  volume = {58},
  pages = {757-782},
  owner = {Laurence},
  timestamp = {2010.02.20}
}

@ARTICLE{Newey.1994,
  author = {Whitney K. Newey},
  title = {The asymptotic variance of semiparametric estimators},
  journal = {Econometrica},
  year = {1994},
  volume = {62},
  pages = {1349-1382},
  owner = {Laurence},
  timestamp = {2010.01.01}
}

@ARTICLE{Newey.1991,
  author = {Whitney K. Newey},
  title = {Uniform convergence in probability and stochastic equicontinuity},
  journal = {Econometrica},
  year = {1991},
  volume = {59},
  pages = {1161-1167},
  owner = {Laurence},
  timestamp = {2010.09.13}
}

@ARTICLE{Newey.1990,
  author = {Whitney K. Newey},
  title = {Semiparametric efficiency bounds},
  journal = {Journal of Applied Econometrics},
  year = {1990},
  volume = {5},
  pages = {99-135},
  owner = {Laurence},
  timestamp = {2010.01.01}
}

@INCOLLECTION{NeweyMcFadden.1994,
  author = {Whitney K. Newey and Daniel McFadden},
  title = {Large sample estimation and hypothesis testing},
  booktitle = {Handbook of Econometrics},
  publisher = {North-Holland},
  year = {1994},
  editor = {Robert F. Engle and Daniel McFadden},
  volume = {4},
  pages = {2111-2245},
  owner = {Laurence},
  timestamp = {2010.01.01}
}

@ARTICLE{NeweyWest.1987,
  author = {Newey, Whitney K. and West, Kenneth D.},
  title = {A simple, positive semi-definite, heteroskedasticity and autocorrelation
	consistent covariance matrix},
  journal = {Econometrica},
  year = {1987},
  volume = {55},
  pages = {703--708}
}

@ARTICLE{NgPerron.1995,
  author = {Serena Ng and Pierre Perron},
  title = {Unit root tests in ARMA models with data-dependent methods for the
	selection of the truncation lag},
  journal = {Journal of American Statistical Association},
  year = {1995},
  volume = {90},
  pages = {268-281},
  owner = {Laurence},
  timestamp = {2011.06.09}
}

@ARTICLE{OlleyPakes.1996,
  author = {G. Steven Olley and Ariel Pakes},
  title = {The dynamics of productivity in the telecommunications equipment
	industry},
  journal = {Econometrica},
  year = {1996},
  volume = {64},
  pages = {1263-1297},
  owner = {Laurence},
  timestamp = {2010.01.01}
}

@BOOK{PaganUllah.1999,
  title = {Nonparametric econometrics},
  publisher = {Cambridge University Press},
  year = {1999},
  author = {Adrian Pagan and Aman Ullah},
  owner = {Laurence},
  timestamp = {2010.01.01}
}

@ARTICLE{Pakes.1986,
  author = {Ariel Pakes},
  title = {Patents as options: some estimates of the value of holding European
	patent stocks},
  journal = {Econometrica},
  year = {1986},
  volume = {54},
  pages = {755-784},
  owner = {Laurence},
  timestamp = {2010.01.01}
}

@ARTICLE{Park.2012,
  author = {Byoung G. Park},
  title = {Nonparametric {Identification} and {Estimation} of the {Extended}
	{Roy} {Model}},
  journal = {Job Market Paper},
  year = {2012},
  owner = {laurencium},
  timestamp = {2013.11.14}
}

@ARTICLE{Pesaran.2006,
  author = {M. Hashem Pesaran},
  title = {Estimation and inference in large heterogeneous panels with a multifactor
	error structure},
  journal = {Econometrica},
  year = {2006},
  volume = {74},
  pages = {967-1012},
  owner = {Laurence},
  timestamp = {2010.01.07}
}

@ARTICLE{PhillipsPerron.1988,
  author = {Peter C. B. Phillips and Pierre Perron},
  title = {Testing for a unit root in time series regression},
  journal = {Biometrika},
  year = {1988},
  volume = {75},
  pages = {335-346},
  owner = {Laurence},
  timestamp = {2011.06.09}
}

@ARTICLE{DimitrisRomano.1994,
  author = {Dimitris N. Politis and Joseph P. Romano},
  title = {Large sample confidence regions based on subsamples under minimal
	assumptions},
  journal = {The Annals of Statistics},
  year = {1994},
  volume = {22},
  pages = {2031-2050},
  owner = {alumni},
  timestamp = {2010.05.13}
}

@BOOK{PolitisRomanoWolf.1999,
  title = {Subsampling},
  publisher = {Springer},
  year = {1999},
  author = {Dimitris N. Politis and Joseph P. Romano and Michael Wolf},
  address = {New York},
  owner = {laurencium},
  timestamp = {2013.10.18}
}

@BOOK{Pollard.1984,
  title = {Convergence of stochastic processes},
  publisher = {Springer-Verlag},
  year = {1984},
  author = {David Pollard},
  address = {New York},
  owner = {alumni},
  timestamp = {2010.04.30}
}

@ARTICLE{Portnoy.1985,
  author = {Stephen Portnoy},
  title = {Asymptotic behavior of $M$-estimators of $p$ regression parameters
	when $p^2/n$ is large. II. Normal approximatoin},
  journal = {Annals of Statistics},
  year = {1985},
  volume = {13},
  pages = {1403-1417},
  owner = {Laurence},
  timestamp = {2011.03.16}
}

@ARTICLE{Portnoy.1984,
  author = {Stephen Portnoy},
  title = {Asymptotic behavior of $M$-estimators of $p$ regression parameters
	when $p^2/n$ is large. I. Consistency},
  journal = {Annals of Statistics},
  year = {1984},
  volume = {12},
  pages = {1298-1309},
  owner = {Laurence},
  timestamp = {2011.03.16}
}

@ARTICLE{Powell.1984,
  author = {James L. Powell},
  title = {Least absolute deviations estimation for the censored regression
	model},
  journal = {Journal of Econometrics},
  year = {1984},
  volume = {25},
  pages = {303-325},
  owner = {Laurence},
  timestamp = {2010.01.01}
}

@ARTICLE{PrenticeGloeckler.1978,
  author = {R. L. Prentice and L. A. Gloeckler},
  title = {Regression analysis of grouped survival data with application to
	breast cancer data},
  journal = {Biometrics},
  year = {1978},
  volume = {34},
  pages = {57-67},
  owner = {Laurence},
  timestamp = {2010.02.22}
}

@ARTICLE{QinLawless.1994,
  author = {Jing Qin and Jerry Lawless},
  title = {Empirical likelihood and general estimating equations},
  journal = {The Annals of Statistics},
  year = {1994},
  volume = {22},
  pages = {300-325},
  owner = {Laurence},
  timestamp = {2010.01.01}
}

@ARTICLE{Robinson.1988,
  author = {Robinson, P. M.},
  title = {Root-N-consistent semiparametric regression},
  journal = {Econometrica},
  year = {1988},
  volume = {56},
  pages = {931-954},
  owner = {Laurence},
  timestamp = {2010.09.04}
}

@ARTICLE{Robinson.1987,
  author = {Peter M. Robinson},
  title = {Asymptotically efficient estimation in the presence of heteroskedasticity
	of unknown form},
  journal = {Econometrica},
  year = {1987},
  volume = {55},
  pages = {875-891},
  owner = {Laurence},
  timestamp = {2010.01.01}
}

@ARTICLE{RomanoShaikh.2008,
  author = {Joseph P. Romano and Azeem M. Shaikh},
  title = {Inference for {Identifiable} {Parameters} in {Partially} {Identified}
	{Econometric} {Models}},
  journal = {Journal of Statistical Planning and Inference},
  year = {2008},
  volume = {138},
  pages = {2786-2807},
  owner = {laurence},
  timestamp = {2012.11.01}
}

@ARTICLE{Rosenbaum.1984,
  author = {Paul R. Rosenbaum},
  title = {The consequences of adjustment for a concomitant variable that has
	been affected by the treatment},
  journal = {Journal of the Royal Statistical Society, Series A},
  year = {1984},
  volume = {147},
  pages = {656-666},
  owner = {Laurence},
  timestamp = {2010.08.07}
}

@ARTICLE{RosenbaumRubin.1983,
  author = {Paul R. Rosenbaum and Donald B. Rubin},
  title = {The central role of the propensity score in observational studies
	for causal effects},
  journal = {Biometrika},
  year = {1983},
  volume = {70},
  pages = {41-55},
  owner = {Laurence},
  timestamp = {2010.01.01}
}

@ARTICLE{Rubin.1976,
  author = {Donald B. Rubin},
  title = {Inference and missing data},
  journal = {Biometrika},
  year = {1976},
  volume = {63},
  pages = {581-592},
  owner = {Laurence},
  timestamp = {2010.02.08}
}

@ARTICLE{Rubin.1974,
  author = {Donald B. Rubin},
  title = {Estimating {Causal} {Effects} of {Treatments} in {Randomized} and
	{Nonrandomized} {Studies}},
  journal = {Journal of Educational Psychology},
  year = {1974},
  volume = {66},
  pages = {688-701},
  owner = {Laurence},
  timestamp = {2010.03.03}
}

@ARTICLE{Rust.1987,
  author = {John Rust},
  title = {Optimal replacement of GMC bus engines: an empirical model of Harold
	Zurcher},
  journal = {Econometrica},
  year = {1987},
  volume = {55},
  pages = {999-1033},
  owner = {Laurence},
  timestamp = {2010.01.01}
}

@BOOK{Ruud.2000,
  title = {An introduction to classical econometric theory},
  publisher = {Oxford University Press},
  year = {2000},
  author = {Paul A. Ruud},
  address = {Oxford},
  owner = {Laurence},
  timestamp = {2010.01.01}
}

@ARTICLE{SaidDickey.1984,
  author = {Said E. Said and David A. Dickey},
  title = {Testing for unit roots in autoregressive-moving average models of
	unknown order},
  journal = {Biometrika},
  year = {1984},
  volume = {71},
  pages = {599-607},
  owner = {Laurence},
  timestamp = {2011.06.09}
}

@ARTICLE{SansoNavarro.2011,
  author = {Marcos Sanso-Navarro},
  title = {The effects on American foreign direct investment in the United Kingdom
	from not adopting the Euro},
  journal = {Journal of Common Market Studies},
  year = {2011},
  volume = {49},
  pages = {463-483},
  owner = {Laurence},
  timestamp = {2011.02.21}
}

@BOOK{Shiryaev.1995,
  title = {Probability},
  publisher = {Springer},
  year = {1995},
  author = {A. N. Shiryaev},
  address = {New York},
  edition = {2nd},
  owner = {alumni},
  timestamp = {2010.04.30}
}

@ARTICLE{Sommer.1986,
  author = {Alfred Sommer and Edi Djunaedi and A. A. Loeden and Ignatius Tarwotjo
	and Keith P. West and Robert Tilden and Lisa Mele},
  title = {Impact of {Vitamin} {A} {Supplementation} on {Childhood} {Mortality}:
	{A} {Randomised} {Controlled} {Community} {Trial}},
  journal = {The Lancet},
  year = {1986},
  volume = {327},
  pages = {1169-1173},
  owner = {laurencium},
  timestamp = {2013.11.19}
}

@ARTICLE{StaigerStock.1997,
  author = {Douglas Staiger and James H. Stock},
  title = {Instrumental variables regression with weak instruments},
  journal = {Econometrica},
  year = {1997},
  volume = {65},
  pages = {557-586},
  owner = {Laurence},
  timestamp = {2010.01.01}
}

@ARTICLE{StockWatson.2008,
  author = {James H. Stock and Mark W. Watson},
  title = {Heteroskedasticity-robust standard errors for fixed effects panel
	data regression},
  journal = {Econometrica},
  year = {2008},
  volume = {76},
  pages = {155174},
  owner = {Laurence},
  timestamp = {2010.01.07}
}

@ARTICLE{StockWright.2000,
  author = {James H. Stock and Jonathan H. Wright},
  title = {GMM with weak identification},
  journal = {Econometrica},
  year = {2000},
  volume = {68},
  pages = {1055-1096},
  owner = {Laurence},
  timestamp = {2010.01.01}
}

@ARTICLE{Stute.1986a,
  author = {Winfried Stute},
  title = {Conditional empirical processes},
  journal = {Annals of Statistics},
  year = {1986},
  volume = {14},
  pages = {638-647},
  owner = {Laurence},
  timestamp = {2011.05.07}
}

@ARTICLE{Stute.1986b,
  author = {Winfried Stute},
  title = {On almost sure convergence of conditional empirical distribution
	functions},
  journal = {Annals of Probability},
  year = {1986},
  volume = {14},
  pages = {891-901},
  owner = {Laurence},
  timestamp = {2011.05.07}
}

@ARTICLE{Tibshirani.1996,
  author = {Robert Tibshirani},
  title = {Regression shrinkage and selection via the lasso},
  journal = {Journal of the Royal Statistical Society, Series B},
  year = {1996},
  volume = {58},
  pages = {267-288},
  owner = {Laurence},
  timestamp = {2011.03.16}
}

@BOOK{Train.2009,
  title = {Discrete choice methods with simulation},
  publisher = {Cambridge University Press},
  year = {2009},
  author = {Kenneth E. Train},
  edition = {2nd},
  owner = {Laurence},
  timestamp = {2010.01.04}
}

@ARTICLE{Vytlacil.2002,
  author = {Edward Vytlacil},
  title = {Independence, monotonicity, and latent index models: an equivalence
	result},
  journal = {Econometrica},
  year = {2002},
  volume = {70},
  pages = {331-341},
  owner = {Laurence},
  timestamp = {2010.07.12}
}

@ARTICLE{White.1980,
  author = {White, Halbert},
  title = {A heteroskedasticity-consistent covariance matrix estimator and a
	direct test for heteroskedasticity},
  journal = {Econometrica},
  year = {1980},
  volume = {48},
  pages = {817--838}
}

@ARTICLE{WilliamsonDowns.1990,
  author = {Robert C. Williamson and Tom Downs},
  title = {Probabilitistic {Arithmetic} {I}: {Numerical} {Methods} for {Calculating}
	{Convolutions} and {Dependency} {Bounds}},
  journal = {International Journal of Approximate Reasoning},
  year = {1990},
  volume = {4},
  pages = {89-158},
  owner = {laurence},
  timestamp = {2012.10.29}
}

@ARTICLE{Wooldridge.2007,
  author = {Jeffrey M. Wooldridge},
  title = {Inverse probability weighted estimation for general missing data
	problem},
  journal = {Journal of Econometrics},
  year = {2007},
  volume = {141},
  pages = {1281-1301},
  owner = {Laurence},
  timestamp = {2010.02.08}
}

@ARTICLE{Wooldridge.2005,
  author = {Jeffrey M. Wooldridge},
  title = {Fixed-effects and related estimators for correlated random-coefficient
	and treatment-effect panel data models},
  journal = {Review of Economics and Statistics},
  year = {2005},
  volume = {87},
  pages = {385-390},
  owner = {Laurence},
  timestamp = {2010.08.05}
}

@ARTICLE{Wooldridge.2003,
  author = {Jeffrey M. Wooldridge},
  title = {Cluster-sample methods in applied econometrics},
  journal = {American Economic Review},
  year = {2003},
  volume = {93},
  pages = {133-138},
  owner = {Laurence},
  timestamp = {2010.01.21}
}

@BOOK{Wooldridge.2002,
  title = {Econometric analysis of cross section and panel data},
  publisher = {MIT Press},
  year = {2002},
  author = {Wooldridge, Jeffrey M.},
  address = {Cambridge}
}

@ARTICLE{Wooldridge.2001,
  author = {Jeffrey M. Wooldridge},
  title = {Asymptotic properties of weighted m-estimators for standard stratified
	samples},
  journal = {Econometric Theory},
  year = {2001},
  volume = {17},
  pages = {451-470},
  owner = {Laurence},
  timestamp = {2010.01.21}
}

@ARTICLE{Wooldridge.1999,
  author = {Jeffrey M. Wooldridge},
  title = {Asymptotic properties of weighted M-estimators for variable probability
	samples},
  journal = {Econometrica},
  year = {1999},
  volume = {67},
  pages = {1385-1406},
  owner = {Laurence},
  timestamp = {2010.01.21}
}

@ARTICLE{YuanLin.2007,
  author = {Ming Yuan and Yi Lin},
  title = {Model selection and estimation in the Gaussian graphical model},
  journal = {Biometrika},
  year = {2007},
  volume = {94},
  pages = {19-35},
  owner = {Laurence},
  timestamp = {2011.03.16}
}

